% Encoding: UTF-8



@Online{SDPowerSupply,
  author    = {ScienceDirect},
  title     = {Power Supply},
  year      = {2017},
  url       = {https://www.sciencedirect.com/topics/engineering/power-supply},
  publisher = {ScienceDirect},
}

@Online{SDMultimeter,
 author    = {ScienceDirect},
 title     = {Multimeter},
 year      = {2008},
 url       = {https://www.sciencedirect.com/topics/engineering/multimeter},
 publisher = {ScienceDirect},

}